<?xml version="1.0" encoding="UTF-8"?>
<collection xmlns:xsi="http://www.w3.org/2001/XMLSchema-instance" xsi:schemaLocation="http://www.loc.gov/MARC21/slim http://www.loc.gov/standards/marcxml/schema/MARC21slim.xsd" xmlns="http://www.loc.gov/MARC21/slim">
<record>
  <leader>01052cam a22002651  4500</leader>
  <controlfield tag="001">5367754</controlfield>
  <controlfield tag="003">NNC</controlfield>
  <controlfield tag="005">20151221160904.0</controlfield>
  <controlfield tag="008">820624s1970    iq ach   b    000 0barar </controlfield>
  <datafield tag="010" ind1=" " ind2=" ">
    <subfield code="a">   78251855 </subfield>
  </datafield>
  <datafield tag="035" ind1=" " ind2=" ">
    <subfield code="a">(OCoLC)ocm08546167</subfield>
  </datafield>
  <datafield tag="035" ind1=" " ind2=" ">
    <subfield code="a">(NNC)5367754</subfield>
  </datafield>
  <datafield tag="040" ind1=" " ind2=" ">
    <subfield code="a">DLC</subfield>
    <subfield code="c">TKN</subfield>
    <subfield code="d">DLC</subfield>
    <subfield code="d">OCLCQ</subfield>
    <subfield code="d">ZCU</subfield>
  </datafield>
  <datafield tag="050" ind1="0" ind2="0">
    <subfield code="a">PJ6064.A5</subfield>
    <subfield code="b">A7</subfield>
  </datafield>
  <datafield tag="099" ind1=" " ind2=" ">
    <subfield code="a">956</subfield>
    <subfield code="a">Ir27 v.31</subfield>
  </datafield>
  <datafield tag="100" ind1="1" ind2=" ">
    <subfield code="a">Ālūsī, Sālim.</subfield>
  </datafield>
  <datafield tag="245" ind1="1" ind2="0">
    <subfield code="a">Fī dhikrā al-Ab al-Kirmilī al-Rāhib al-ʻallāmah</subfield>
    <subfield code="c">bi-qalam Sālim al-Ālūsī.</subfield>
  </datafield>
  <datafield tag="260" ind1=" " ind2=" ">
    <subfield code="a">Baghdād :</subfield>
    <subfield code="b">Mudīrīyat al-Thaqāfah al-ʻĀmmah,</subfield>
    <subfield code="c">1970.</subfield>
  </datafield>
  <datafield tag="300" ind1=" " ind2=" ">
    <subfield code="a">66 p.</subfield>
    <subfield code="b">illus., facsims., ports.</subfield>
    <subfield code="c">24 cm.</subfield>
  </datafield>
  <datafield tag="490" ind1="1" ind2=" ">
    <subfield code="a">Silsilat al-Kutub al-ḥadīthah,</subfield>
    <subfield code="v">31</subfield>
  </datafield>
  <datafield tag="500" ind1=" " ind2=" ">
    <subfield code="a">B̋i-Munāsabat iḥtifāl wa-zārat al-thaqāfah wa-al-iʻlām bi-dhikrā murūr thalāthat wa-ʻishrīn Sanah ʻalā wafāt al-Kirmilī. ̋</subfield>
  </datafield>
  <datafield tag="504" ind1=" " ind2=" ">
    <subfield code="a">Includes bibliographical references.</subfield>
  </datafield>
  <datafield tag="600" ind1="0" ind2="0">
    <subfield code="a">Anistās Mārī,</subfield>
    <subfield code="c">al-Karmilī, ab,</subfield>
    <subfield code="d">1866-1947.</subfield>
  </datafield>
  <datafield tag="830" ind1=" " ind2="0">
    <subfield code="a">Silsilat al-kutub al-ḥadīthah ;</subfield>
    <subfield code="v">31.</subfield>
  </datafield>
  <datafield tag="955" ind1=" " ind2=" ">
    <subfield code="b">0026810700</subfield>
    <subfield code="d">glx</subfield>
    <subfield code="e">956 Ir27 v.31</subfield>
  </datafield>
</record>
</collection>